@article
{greenw,
author={Greenwald, Glenn AND MacAskill, Ewen},
title={{NSA Prism program taps in to user data of Apple, Google and others}},
year={2013},
month={June},
journal={The Guardian}
}
@article
{greenwcrypt,
author={Greenwald, Glenn AND Borger, Julian AND Ball, James},
title={{Revealed: how US and UK spy agencies defeat internet privacy and security}},
year={2013},
month={September},
journal={The Guardian}
}
@article
{womenspied,
author={Lewis, Paul},
title={{NSA employee spied on nine women without detection, internal file shows}},
year={2013},
month={September},
journal={The Guardian}
}
@article
{nytcrypt,
author={Perlroth, Nicole AND Larson, Jeff AND Shane,  Scott},
title={{N.S.A. Able to Foil Basic Safeguards of Privacy on Web}},
year={2013},
journal={The New York Times}
}
@book
{undcrypto,
author={Paar, Christof AND Pelzl, Jan},
title={Understanding Cryptography},
booksubtitle={A Textbook for Students and Practitioners},
publisher={Springer},
year={2011},
note={Good way to start learning cryptography without too much emphasis on mathematics.}
}
@misc{scheneir,
  author = {Schneier, Bruce},
  title = {{NSA Secrets Kill Our Trust}},
  howpublished = {\url{https://www.schneier.com/essay-435.html}},
}
@misc{scheneir2,
  author = {Schneier, Bruce},
  title = {{NSA Surveillance: a Guide to Staying Secure}},
  howpublished = {\url{https://www.schneier.com/essay-450.html}},
}
@misc{prismbreak,
  author = {nylira AND Prism Break team},
  title = {{Opt out of global data surveillance programs like PRISM, XKeyscore and Tempora.}},
  howpublished = {\url{https://prism-break.org}}
}